%YAML 1.1
%TAG !u! tag:unity3d.com,2011:
--- !u!1 &2192770090559842392
GameObject:
  m_ObjectHideFlags: 0
  m_CorrespondingSourceObject: {fileID: 0}
  m_PrefabInstance: {fileID: 0}
  m_PrefabAsset: {fileID: 0}
  serializedVersion: 6
  m_Component:
  - component: {fileID: 2192770090559842389}
  - component: {fileID: 2192770090559842390}
  - component: {fileID: 2192770090559842391}
  m_Layer: 0
  m_Name: P_BannerNeon_Damaged
  m_TagString: Untagged
  m_Icon: {fileID: 0}
  m_NavMeshLayer: 0
  m_StaticEditorFlags: 0
  m_IsActive: 1
--- !u!4 &2192770090559842389
Transform:
  m_ObjectHideFlags: 0
  m_CorrespondingSourceObject: {fileID: 0}
  m_PrefabInstance: {fileID: 0}
  m_PrefabAsset: {fileID: 0}
  m_GameObject: {fileID: 2192770090559842392}
  m_LocalRotation: {x: -0, y: -0, z: -0, w: 1}
  m_LocalPosition: {x: -7.93, y: 11.61261, z: 0}
  m_LocalScale: {x: 1, y: 1, z: 1}
  m_Children:
  - {fileID: 2619545547921883545}
  m_Father: {fileID: 0}
  m_RootOrder: 0
  m_LocalEulerAnglesHint: {x: 0, y: 0, z: 0}
--- !u!212 &2192770090559842390
SpriteRenderer:
  m_ObjectHideFlags: 0
  m_CorrespondingSourceObject: {fileID: 0}
  m_PrefabInstance: {fileID: 0}
  m_PrefabAsset: {fileID: 0}
  m_GameObject: {fileID: 2192770090559842392}
  m_Enabled: 1
  m_CastShadows: 0
  m_ReceiveShadows: 0
  m_DynamicOccludee: 1
  m_MotionVectors: 1
  m_LightProbeUsage: 1
  m_ReflectionProbeUsage: 1
  m_RayTracingMode: 0
  m_RenderingLayerMask: 1
  m_RendererPriority: 0
  m_Materials:
  - {fileID: 10754, guid: 0000000000000000f000000000000000, type: 0}
  m_StaticBatchInfo:
    firstSubMesh: 0
    subMeshCount: 0
  m_StaticBatchRoot: {fileID: 0}
  m_ProbeAnchor: {fileID: 0}
  m_LightProbeVolumeOverride: {fileID: 0}
  m_ScaleInLightmap: 1
  m_ReceiveGI: 1
  m_PreserveUVs: 0
  m_IgnoreNormalsForChartDetection: 0
  m_ImportantGI: 0
  m_StitchLightmapSeams: 1
  m_SelectedEditorRenderState: 0
  m_MinimumChartSize: 4
  m_AutoUVMaxDistance: 0.5
  m_AutoUVMaxAngle: 89
  m_LightmapParameters: {fileID: 0}
  m_SortingLayerID: 0
  m_SortingLayer: 0
  m_SortingOrder: 5
  m_Sprite: {fileID: 21300000, guid: df834de104cc76040b3ef31656eae5c3, type: 3}
  m_Color: {r: 1, g: 1, b: 1, a: 1}
  m_FlipX: 0
  m_FlipY: 0
  m_DrawMode: 0
  m_Size: {x: 1.9, y: 4.8}
  m_AdaptiveModeThreshold: 0.5
  m_SpriteTileMode: 0
  m_WasSpriteAssigned: 1
  m_MaskInteraction: 0
  m_SpriteSortPoint: 0
--- !u!114 &2192770090559842391
MonoBehaviour:
  m_ObjectHideFlags: 0
  m_CorrespondingSourceObject: {fileID: 0}
  m_PrefabInstance: {fileID: 0}
  m_PrefabAsset: {fileID: 0}
  m_GameObject: {fileID: 2192770090559842392}
  m_Enabled: 1
  m_EditorHideFlags: 0
  m_Script: {fileID: 11500000, guid: b1db21991ecec6e44a7000e2678ac44c, type: 3}
  m_Name: 
  m_EditorClassIdentifier: 
  flickChange: 0.1
  frameSkip: 30
  defaultColor: {r: 1, g: 1, b: 1, a: 1}
  flickColor: {r: 0.1509434, g: 0.1509434, b: 0.1509434, a: 1}
  OnFlick:
    m_PersistentCalls:
      m_Calls:
      - m_Target: {fileID: 2620003044706746303}
        m_MethodName: Play
        m_Mode: 1
        m_Arguments:
          m_ObjectArgument: {fileID: 0}
          m_ObjectArgumentAssemblyTypeName: UnityEngine.Object, UnityEngine
          m_IntArgument: 0
          m_FloatArgument: 0
          m_StringArgument: 
          m_BoolArgument: 0
        m_CallState: 2
--- !u!1001 &2192770091143366934
PrefabInstance:
  m_ObjectHideFlags: 0
  serializedVersion: 2
  m_Modification:
    m_TransformParent: {fileID: 2192770090559842389}
    m_Modifications:
    - target: {fileID: 4194036576887801999, guid: 678a30b0c68d4ce4bb92413b691ced05,
        type: 3}
      propertyPath: m_LocalPosition.x
      value: 0.63
      objectReference: {fileID: 0}
    - target: {fileID: 4194036576887801999, guid: 678a30b0c68d4ce4bb92413b691ced05,
        type: 3}
      propertyPath: m_LocalPosition.y
      value: -1.75
      objectReference: {fileID: 0}
    - target: {fileID: 4194036576887801999, guid: 678a30b0c68d4ce4bb92413b691ced05,
        type: 3}
      propertyPath: m_LocalPosition.z
      value: 0
      objectReference: {fileID: 0}
    - target: {fileID: 4194036576887801999, guid: 678a30b0c68d4ce4bb92413b691ced05,
        type: 3}
      propertyPath: m_LocalRotation.x
      value: -0
      objectReference: {fileID: 0}
    - target: {fileID: 4194036576887801999, guid: 678a30b0c68d4ce4bb92413b691ced05,
        type: 3}
      propertyPath: m_LocalRotation.y
      value: -0
      objectReference: {fileID: 0}
    - target: {fileID: 4194036576887801999, guid: 678a30b0c68d4ce4bb92413b691ced05,
        type: 3}
      propertyPath: m_LocalRotation.z
      value: 0.31815445
      objectReference: {fileID: 0}
    - target: {fileID: 4194036576887801999, guid: 678a30b0c68d4ce4bb92413b691ced05,
        type: 3}
      propertyPath: m_LocalRotation.w
      value: -0.94803894
      objectReference: {fileID: 0}
    - target: {fileID: 4194036576887801999, guid: 678a30b0c68d4ce4bb92413b691ced05,
        type: 3}
      propertyPath: m_RootOrder
      value: 0
      objectReference: {fileID: 0}
    - target: {fileID: 4194036576887801999, guid: 678a30b0c68d4ce4bb92413b691ced05,
        type: 3}
      propertyPath: m_LocalEulerAnglesHint.x
      value: 0
      objectReference: {fileID: 0}
    - target: {fileID: 4194036576887801999, guid: 678a30b0c68d4ce4bb92413b691ced05,
        type: 3}
      propertyPath: m_LocalEulerAnglesHint.y
      value: 0
      objectReference: {fileID: 0}
    - target: {fileID: 4194036576887801999, guid: 678a30b0c68d4ce4bb92413b691ced05,
        type: 3}
      propertyPath: m_LocalEulerAnglesHint.z
      value: -397.103
      objectReference: {fileID: 0}
    - target: {fileID: 4194036576887801999, guid: 678a30b0c68d4ce4bb92413b691ced05,
        type: 3}
      propertyPath: m_LocalScale.x
      value: 0.7
      objectReference: {fileID: 0}
    - target: {fileID: 4194036576887801999, guid: 678a30b0c68d4ce4bb92413b691ced05,
        type: 3}
      propertyPath: m_LocalScale.y
      value: 0.7
      objectReference: {fileID: 0}
    - target: {fileID: 4194036576887801999, guid: 678a30b0c68d4ce4bb92413b691ced05,
        type: 3}
      propertyPath: m_LocalScale.z
      value: 0.7
      objectReference: {fileID: 0}
    - target: {fileID: 4871109428720046474, guid: 678a30b0c68d4ce4bb92413b691ced05,
        type: 3}
      propertyPath: m_Name
      value: PS_Iskry
      objectReference: {fileID: 0}
    m_RemovedComponents: []
  m_SourcePrefab: {fileID: 100100000, guid: 678a30b0c68d4ce4bb92413b691ced05, type: 3}
--- !u!4 &2619545547921883545 stripped
Transform:
  m_CorrespondingSourceObject: {fileID: 4194036576887801999, guid: 678a30b0c68d4ce4bb92413b691ced05,
    type: 3}
  m_PrefabInstance: {fileID: 2192770091143366934}
  m_PrefabAsset: {fileID: 0}
--- !u!198 &2620003044706746303 stripped
ParticleSystem:
  m_CorrespondingSourceObject: {fileID: 4193508919724504745, guid: 678a30b0c68d4ce4bb92413b691ced05,
    type: 3}
  m_PrefabInstance: {fileID: 2192770091143366934}
  m_PrefabAsset: {fileID: 0}
